<?xml version="1.0" encoding="UTF-8"?><collection xmlns="http://www.loc.gov/MARC21/slim"><record><leader>00589nam--2200181-i-4500</leader><controlfield tag="001">000025932</controlfield><controlfield tag="002">20161230</controlfield><controlfield tag="005">20161230201036</controlfield><controlfield tag="008">060222s1000------------r-----000-0-fre-d</controlfield><datafield ind1=" " ind2=" " tag="040"><subfield code="a">IFIN-HH</subfield></datafield><datafield ind1=" " ind2=" " tag="041"><subfield code="a">fre</subfield></datafield><datafield ind1=" " ind2=" " tag="080"><subfield code="a">519.17(043)</subfield></datafield><datafield ind1="1" ind2=" " tag="100"><subfield code="a">Jolivet, Jean-loup</subfield></datafield><datafield ind1="1" ind2="0" tag="245"><subfield code="a">Problemes de connexite et problemes hamiltoniens en theorie des graphes. joint d`une famille de graphes et generalisation de lanotion de graphe partait. these</subfield><subfield code="c">Jolivet jean-loup</subfield></datafield><datafield ind1=" " ind2=" " tag="260"><subfield code="a">Paris, L`Universite De Paris, 1975</subfield></datafield><datafield ind1=" " ind2=" " tag="300"><subfield code="a">153P</subfield></datafield><datafield ind1=" " ind2=" " tag="852"><subfield code="a">44052</subfield><subfield code="c">519.2</subfield></datafield><datafield ind1=" " ind2=" " tag="CAT"><subfield code="a">Sys</subfield><subfield code="c">20100531</subfield><subfield code="h">090016</subfield></datafield></record></collection>